@article{hood,
title = {Real-time queue operations in pure LISP},
journal = {Information Processing Letters},
volume = {13},
number = {2},
pages = {50-54},
year = {1981},
issn = {0020-0190},
doi = {https://doi.org/10.1016/0020-0190(81)90030-2},
url = {https://www.sciencedirect.com/science/article/pii/0020019081900302},
author = {Robert Hood and Robert Melville},
keywords = {Lisp, real-time queue}
}

@misc{vx-example,
  title={Collapsible tree example},
  howpublished = "\url{https://github.com/airbnb/visx/issues/162#issuecomment-335029517}",
    year={2017},
}
